<record><leader>01717cam a2200397 i 4500</leader><controlfield tag="001">6808121</controlfield><controlfield tag="003">OCoLC</controlfield><controlfield tag="005">20150204110605.0</controlfield><controlfield tag="008">140414s2015    nyu    d      000 1 eng  </controlfield><datafield ind1=" " ind2=" " tag="010"><subfield code="a">  2014009719</subfield></datafield><datafield ind1=" " ind2=" " tag="020"><subfield code="a">9780062128089</subfield><subfield code="q">hardcover : alk. paper</subfield></datafield><datafield ind1=" " ind2=" " tag="020"><subfield code="a">0062128086</subfield><subfield code="q">hardcover : alk. paper</subfield></datafield><datafield ind1=" " ind2=" " tag="020"><subfield code="z">9780062387899</subfield><subfield code="q">intl. ed</subfield></datafield><datafield ind1=" " ind2=" " tag="035"><subfield code="a">ocn964428587</subfield></datafield><datafield ind1=" " ind2=" " tag="040"><subfield code="a">DLC</subfield><subfield code="b">eng</subfield><subfield code="e">rda</subfield><subfield code="c">DLC</subfield><subfield code="d">FOLLT</subfield><subfield code="d">YDXCP</subfield><subfield code="d">BTCTA</subfield><subfield code="d">BDX</subfield><subfield code="d">DYJ</subfield><subfield code="d">UAB</subfield><subfield code="d">AEU</subfield></datafield><datafield ind1=" " ind2=" " tag="042"><subfield code="a">lcac</subfield><subfield code="a">pcc</subfield></datafield><datafield ind1="0" ind2="0" tag="050"><subfield code="a">PZ7.S54374</subfield><subfield code="b">Co 2015</subfield></datafield><datafield ind1="0" ind2="0" tag="082"><subfield code="a">[Fic]</subfield><subfield code="2">23</subfield></datafield><datafield ind1=" " ind2=" " tag="090"><subfield code="a">PZ 7 S54374 Co 2015</subfield><subfield code="b">AEU</subfield></datafield><datafield ind1="1" ind2=" " tag="100"><subfield code="a">Shepherd, Megan,</subfield><subfield code="e">author.</subfield></datafield><datafield ind1="1" ind2="2" tag="245"><subfield code="a">A cold legacy /</subfield><subfield code="c">Megan Shepherd.</subfield></datafield><datafield ind1=" " ind2=" " tag="250"><subfield code="a">First edition.</subfield></datafield><datafield ind1=" " ind2="1" tag="264"><subfield code="a">New York, NY :</subfield><subfield code="b">Balzer + Bray, an imprint of HarperCollinsPublishers,</subfield><subfield code="c">[2015]</subfield></datafield><datafield ind1=" " ind2=" " tag="300"><subfield code="a">390 pages ;</subfield><subfield code="c">22 cm.</subfield></datafield><datafield ind1=" " ind2=" " tag="336"><subfield code="a">text</subfield><subfield code="2">rdacontent</subfield></datafield><datafield ind1=" " ind2=" " tag="337"><subfield code="a">unmediated</subfield><subfield code="2">rdamedia</subfield></datafield><datafield ind1=" " ind2=" " tag="338"><subfield code="a">volume</subfield><subfield code="2">rdacarrier</subfield></datafield><datafield ind1="1" ind2=" " tag="490"><subfield code="a">Madman's daughter novel</subfield></datafield><datafield ind1=" " ind2=" " tag="520"><subfield code="a">After escaping to a remote estate on the Scottish moors, owned by the enigmatic Elizabeth von Stein, Juliet Moreau, the product of her father's animal-human experiments, uncovers the truth about the manor's long history of scientific experimentation--and her own intended role in it.</subfield></datafield><datafield ind1=" " ind2=" " tag="596"><subfield code="a">41</subfield></datafield><datafield ind1=" " ind2="0" tag="650"><subfield code="a">Science</subfield><subfield code="x">Experiments</subfield><subfield code="v">Juvenile fiction.</subfield></datafield><datafield ind1=" " ind2="0" tag="650"><subfield code="a">Identity (Psychology)</subfield><subfield code="v">Juvenile fiction.</subfield></datafield><datafield ind1=" " ind2="0" tag="650"><subfield code="a">Characters and characteristics in literature</subfield><subfield code="v">Juvenile fiction.</subfield></datafield><datafield ind1="1" ind2=" " tag="800"><subfield code="a">Shepherd, Megan.</subfield><subfield code="t">Madman's daughter novel.</subfield></datafield><datafield ind1=" " ind2=" " tag="949"><subfield code="a">PZ 7 S54374 Co 2015</subfield><subfield code="h">UAED-CU-B</subfield><subfield code="i">0162035240728</subfield></datafield><datafield ind1=" " ind2=" " tag="926"><subfield code="a">PZ 7 S54374 Co 2015</subfield><subfield code="w">LC</subfield><subfield code="c">1</subfield><subfield code="i">0162035240728</subfield><subfield code="d">5/7/2015</subfield><subfield code="e">5/1/2015</subfield><subfield code="l">CURRICULUM</subfield><subfield code="m">UAEDUC</subfield><subfield code="n">2</subfield><subfield code="p">$150.00</subfield><subfield code="r">Y</subfield><subfield code="s">Y</subfield><subfield code="t">BOOK</subfield><subfield code="u">2/19/2015</subfield></datafield></record>